@misc{SFS1993:100,
    author = {Sveriges Riksdag},
    title = {Högskoleförordningen (1993:100)},
    year = {2021},
    month = {Aug},
    note = {[Online; 16. Aug. 2021]},
    url = {https://www.riksdagen.se/sv/dokument-lagar/dokument/svensk-forfattningssamling/hogskoleforordning-1993100_sfs-1993-100},
}
