@article{Szekely1950,
  title={Productive processes in learning and thinking.},
  author={Sz{\'e}kely, Lajos},
  journal={Acta psychologica},
  year={1950},
  publisher={Elsevier Science}
}

@article{BransfordSchwartz1999,
  title={Chapter 3: Rethinking transfer: A simple proposal with multiple 
         implications},
  author={Bransford, John D and Schwartz, Daniel L},
  journal={Review of research in education},
  volume={24},
  number={1},
  pages={61--100},
  year={1999},
  publisher={Sage Publications Sage CA: Thousand Oaks, CA}
}
@book{NecessaryConditionsOfLearning,
  author={Marton, Ference},
  title={Necessary conditions of learning},
  publisher={Routledge},
  address={London},
  year={2015},
  ISBN={9780415739139},
  keywords={Fenomenologisk psykologi Inl{\"a}rning -- psykologiska aspekter},
}
