@book{NCOL,
  title={Necessary conditions of learning},
  author={Marton, Ference},
  year={2014},
  publisher={Routledge}
}
