@book{NCOL,
  title={Necessary conditions of learning},
  author={Marton, Ference},
  year={2014},
  publisher={Routledge}
}

@article{Phenomenography,
  title = {Phenomenography --- {Describing} conceptions of the world around 
    us},
  volume = {10},
  issn = {0020-4277, 1573-1952},
  shorttitle = {Phenomenography},
  doi = {10.1007/BF00132516},
  language = {en},
  number = {2},
  urldate = {2021-03-30},
  journal = {Instructional Science},
  author = {Marton, Ference},
  month = 7,
  year = {1981},
  pages = {177--200},
}

@phdthesis{Neuman1987,
  author={Neuman, Dagmar},
  title={The origin of arithmetic skills : a phenomenographic approach},
  year={1987},
  school={University of Gothenburg},
}

@article{VariationTheory,
  author = {Ference Marton  and  Keith Trigwell},
  title = {Variatio Est Mater Studiorum},
  journal = {Higher Education Research \& Development},
  volume = {19},
  number = {3},
  pages = {381-395},
  year  = {2000},
  publisher = {Routledge},
  doi = {10.1080/07294360020021455},
}

